@article{rosenblatt1962principles,
  title={Principles of neurodynamics: Perceptions and the theory of brain mechanisms},
  author={Rosenblatt, Frank},
  year={1962},
  publisher={Spartan}
}

